@book{harris2022ddca,
  author    = {David Money Harris and Sarah L. Harris},
  title     = {Digital Design and Computer Architecture: RISC-V Edition},
  year      = {2022},
  publisher = {Morgan Kaufmann},
  address   = {Cambridge, MA}
}

@book{cohen2013frvhdl,
  author    = {Ben Cohen},
  title     = {Free Range VHDL: No Strings Attached!},
  edition   = {2},
  year      = {2013},
  publisher = {VhdlCohen Publishing},
  address   = {Los Alamitos, CA}
}
